<record><leader>00000cas a22000007a 4500</leader><controlfield tag="001">13071384</controlfield><controlfield tag="008">860128d18901892iduwr ne      0    0eng d</controlfield><datafield ind1=" " ind2=" " tag="010"><subfield code="a">sn 86091077 </subfield></datafield><datafield ind1=" " ind2=" " tag="040"><subfield code="a">UNP</subfield><subfield code="b">eng</subfield><subfield code="c">UNP</subfield><subfield code="d">NVB</subfield><subfield code="d">CNK</subfield><subfield code="d">OCLCQ</subfield><subfield code="d">OCLCF</subfield><subfield code="d">OCLCO</subfield></datafield><datafield ind1="1" ind2=" " tag="029"><subfield code="a">AU@</subfield><subfield code="b">000025794563</subfield></datafield><datafield ind1=" " ind2=" " tag="042"><subfield code="a">msc</subfield></datafield><datafield ind1=" " ind2=" " tag="043"><subfield code="a">n-us-id</subfield></datafield><datafield ind1=" " ind2="4" tag="050"><subfield code="a">AN2.I2</subfield><subfield code="b">W34</subfield></datafield><datafield ind1="0" ind2=" " tag="130"><subfield code="a">Wallace press (Wallace, Idaho : 1890)</subfield></datafield><datafield ind1="1" ind2="4" tag="245"><subfield code="a">The Wallace press.</subfield></datafield><datafield ind1=" " ind2=" " tag="260"><subfield code="a">Wallace, Shoshone County, Idaho :</subfield><subfield code="b">A. Aulbach</subfield></datafield><datafield ind1=" " ind2=" " tag="300"><subfield code="a">v. :</subfield><subfield code="b">ill.</subfield></datafield><datafield ind1=" " ind2=" " tag="310"><subfield code="a">Weekly</subfield></datafield><datafield ind1="1" ind2=" " tag="362"><subfield code="a">Began in Aug. 1890.</subfield></datafield><datafield ind1="0" ind2=" " tag="362"><subfield code="a">-5th year, no. 3 (July 16, 1892).</subfield></datafield><datafield ind1=" " ind2=" " tag="580"><subfield code="a">Absorbed: Coeur d'Alene sun, May 7, 1892.</subfield></datafield><datafield ind1=" " ind2=" " tag="588"><subfield code="a">Description based on: New issue, vol. 1, no. 28 (Oct. 1, 1890).</subfield></datafield><datafield ind1=" " ind2="0" tag="651"><subfield code="a">Wallace (Idaho)</subfield><subfield code="v">Newspapers.</subfield></datafield><datafield ind1=" " ind2="7" tag="655"><subfield code="a">Newspapers.</subfield><subfield code="2">fast</subfield><subfield code="0">(OCoLC)fst01423814</subfield></datafield><datafield ind1=" " ind2="7" tag="651"><subfield code="a">Idaho</subfield><subfield code="z">Wallace.</subfield><subfield code="2">fast</subfield><subfield code="0">(OCoLC)fst01220463</subfield></datafield><datafield ind1=" " ind2=" " tag="752"><subfield code="a">United States</subfield><subfield code="b">Idaho</subfield><subfield code="c">Shoshone</subfield><subfield code="d">Wallace.</subfield></datafield><datafield ind1="1" ind2="5" tag="780"><subfield code="t">Coeur d'Alene sun</subfield><subfield code="w">(DLC)sn 86091073</subfield></datafield><datafield ind1="0" ind2="0" tag="780"><subfield code="t">Wallace free press</subfield><subfield code="w">(DLC)sn 85038573</subfield><subfield code="w">(OCoLC)12758999</subfield></datafield><datafield ind1="0" ind2="0" tag="785"><subfield code="t">Coeur d'Alene American</subfield><subfield code="w">(DLC)sn 88056051</subfield></datafield></record>